@article{Barendregt2009,
  doi = {10.1177/0272989x09340585},
  url = {https://doi.org/10.1177/0272989x09340585},
  year  = {2009},
  month = {jul},
  publisher = {{SAGE} Publications},
  volume = {29},
  number = {4},
  pages = {500--502},
  author = {Jan J. Barendregt},
  title = {The Half-Cycle Correction: Banish Rather Than Explain It},
  journal = {Medical Decision Making}
}

@book{Epperson2007,
  Author = {James F. Epperson},
  Title = {An Introduction to Numerical Methods and Analysis},
  Publisher = {Wiley-Interscience},
  Year = {2007},
  ISBN = {0470049634}
}

@book{Press1992,
  Author = {William H. Press and Brian P. Flannery and Saul A. Teukolsky and William T. Vetterling},
  Title = {Numerical Recipes in C: The Art of Scientific Computing, Second Edition},
  Publisher = {Cambridge University Press},
  Year = {1992},
  ISBN = {0521431085}
}

@book{Hamming1973,
  Author = {Richard W. Hamming},
  Title = {Numerical Methods For Scientists And Engineers},
  Publisher = {Dover Publications},
  Year = {1973},
  ISBN = {0486652416}
}

@article{Tai1994,
  doi = {10.2337/diacare.17.2.152},
  url = {https://doi.org/10.2337/diacare.17.2.152},
  year  = {1994},
  month = {feb},
  publisher = {American Diabetes Association},
  volume = {17},
  number = {2},
  pages = {152--154},
  author = {M. M. Tai},
  title = {A Mathematical Model for the Determination of Total Area Under Glucose Tolerance and Other Metabolic Curves},
  journal = {Diabetes Care}
}

@book{Abramowitz1965,
  Author = { Milton Abramowitz and Irene A. Stegun },
  Title = {Handbook of Mathematical Functions: with Formulas, Graphs, and Mathematical Tables (Dover Books on Mathematics)},
  Publisher = {Dover Publications},
  Year = {1965},
  ISBN = {0486612724}
}
  
@book{Simpson1743,
  Author = {Thomas Simpson},
  Title = {Mathematical Dissertations on a Variety of Physical and Analytical Subjects},
  Publisher = {T. Woodward},
  Year={1743}
}

@book{Boole1860,
  Author = {George Boole},
  Title = {A Treatise on the Calculus of Finite Differences},
  Publisher = {Macmillan and Co. London},
  Year = {1860}
}

@article{Kalambet2018,
  doi = {10.1016/j.chemolab.2018.06.001},
  url = {https://doi.org/10.1016/j.chemolab.2018.06.001},
  year  = {2018},
  month = {aug},
  publisher = {Elsevier {BV}},
  volume = {179},
  pages = {22--30},
  author = {Yuri Kalambet and Yuri Kozmin and Andrey Samokhin},
  title = {Comparison of integration rules in the case of very narrow chromatographic peaks},
  journal = {Chemometrics and Intelligent Laboratory Systems}
}

@article{Naimark2008,
  doi = {10.1177/0272989x08315241},
  url = {https://doi.org/10.1177/0272989x08315241},
  year  = {2008},
  month = {jun},
  publisher = {{SAGE} Publications},
  volume = {28},
  number = {5},
  pages = {706--712},
  author = {David M. J. Naimark and Michelle Bott and Murray Krahn},
  title = {The Half-Cycle Correction Explained: Two Alternative Pedagogical Approaches},
  journal = {Medical Decision Making}
}

@article{Sonnenberg1993,
  doi = {10.1177/0272989x9301300409},
  url = {https://doi.org/10.1177/0272989x9301300409},
  year  = {1993},
  month = {dec},
  publisher = {{SAGE} Publications},
  volume = {13},
  number = {4},
  pages = {322--338},
  author = {Frank A. Sonnenberg and J. Robert Beck},
  title = {Markov Models in Medical Decision Making},
  journal = {Medical Decision Making}
}
